@article{Chiachio2014,
  doi       = {10.1137/130932831},
  url       = {https://doi.org/10.1137/130932831},
  year      = {2014},
  month     = jan,
  publisher = {Society for Industrial {\&} Applied Mathematics ({SIAM})},
  volume    = {36},
  number    = {3},
  pages     = {A1339--A1358},
  author    = {Manuel Chiachio and James L. Beck and Juan Chiachio and Guillermo Rus},
  title     = {Approximate Bayesian Computation by Subset Simulation},
  journal   = {{SIAM} Journal on Scientific Computing}
}
@article{Fernndez2022,
  doi       = {10.1016/j.engappai.2021.104511},
  url       = {https://doi.org/10.1016/j.engappai.2021.104511},
  year      = {2022},
  month     = jan,
  publisher = {Elsevier {BV}},
  volume    = {107},
  pages     = {104511},
  author    = {Juan Fern{\'{a}}ndez and Manuel Chiach{\'{\i}}o and Juan Chiach{\'{\i}}o and Rafael Mu{\~{n}}oz and Francisco Herrera},
  title     = {Uncertainty quantification in Neural Networks by Approximate Bayesian Computation: Application to fatigue in composite materials},
  journal   = {Engineering Applications of Artificial Intelligence}
}

@misc{Uncertainty_Deep,
  doi       = {10.48550/ARXIV.2107.03342},
  url       = {https://arxiv.org/abs/2107.03342},
  author    = {Gawlikowski,  Jakob and Tassi,  Cedrique Rovile Njieutcheu and Ali,  Mohsin and Lee,  Jongseok and Humt,  Matthias and Feng,  Jianxiang and Kruspe,  Anna and Triebel,  Rudolph and Jung,  Peter and Roscher,  Ribana and Shahzad,  Muhammad and Yang,  Wen and Bamler,  Richard and Zhu,  Xiao Xiang},
  keywords  = {Machine Learning (cs.LG),  Machine Learning (stat.ML),  FOS: Computer and information sciences,  FOS: Computer and information sciences},
  title     = {A Survey of Uncertainty in Deep Neural Networks},
  publisher = {arXiv},
  year      = {2021},
  copyright = {Creative Commons Attribution 4.0 International}
}

@article{Modified_MCMC,
  doi = {10.1016/s0266-8920(01)00019-4},
  url = {https://doi.org/10.1016/s0266-8920(01)00019-4},
  year = {2001},
  month = oct,
  publisher = {Elsevier {BV}},
  volume = {16},
  number = {4},
  pages = {263--277},
  author = {Siu-Kui Au and James L. Beck},
  title = {Estimation of small failure probabilities in high dimensions by subset simulation},
  journal = {Probabilistic Engineering Mechanics}
}

@misc{NeetGraph,
  howpublished = "\url{https://tikz.net/neural_networks/}",
}

@article{Andrieu2003,
  doi = {10.1023/a:1020281327116},
  url = {https://doi.org/10.1023/a:1020281327116},
  year = {2003},
  publisher = {Springer Science and Business Media {LLC}},
  volume = {50},
  number = {1/2},
  pages = {5--43},
  author = {Christophe Andrieu and Nando de Freitas and Arnaud Doucet and Michael I. Jordan},
  title = {An Introduction to MCMC for Machine Learning},
  journal = {Machine Learning}
}